% Encoding: UTF-8

@book{Stebbins1974,
  title={Flowering Plants: Evolution Above the Species Level},
  author={Stebbins, G.L.},
  isbn={9780674864849},
  url={https://books.google.cz/books?id=LMbWngEACAAJ},
  year={1974},
  publisher={Harvard University Press}
}

@article{Vasconcelos2022,
author = {Vasconcelos, Thais and O'Meara, Brian C and Beaulieu, Jeremy M},
doi = {10.32942/osf.io/sxah8},
journal = {The American Naturalist},
number = {2},
title = {{Retiring "Cradles" and "Museums" of Biodiversity}},
volume = {199},
year = {2022}
}





